% Notas Imporantes:
% Poner una diagonal investida antes de los siguientes caracteres: #, $, %, ^, &, {, }, ~, [, ], <, >, _
% Caso Particuloar: Diagonal Invertida (\) sustituit por (\textbackslash) y dejar un espacio
% Ver enlace:
@Misc{ericKiennemannYOLOv4,
  title        = "{Detección de Frutas con YOLOv4}",
  howpublished = "\burl{https://github.com/EricKiennemann/Fruit-Detection-with-Yolov4?tab=readme-ov-file}",
  note         = "{{Consultado el \specialdate\today}}"
}

@Misc{roboflowSite,
  title        = "{Roboflow}",
  howpublished = "\burl{https://roboflow.com}",
  note         = "{{Consultado el \specialdate\today}}"
}

@Misc{albumentationsPackage,
  title        = "{Albumentations}",
  howpublished = "\burl{https://pypi.org/project/albumentations/}",
  note         = "{{Consultado el \specialdate\today}}"
}

@Misc{ultralyticsPackage,
  title        = "{Ultralytics}",
  howpublished = "\burl{https://pypi.org/project/ultralytics/}",
  note         = "{{Consultado el \specialdate\today}}"
}

@Misc{pytorchPackage,
  title        = "{PyTorch}",
  howpublished = "\burl{https://pypi.org/project/pytorch/}",
  note         = "{{Consultado el \specialdate\today}}"
}

@Misc{deteccionFrutosGRAP,
  title        = "{Detección de Frutos y Estimación de la Cosecha}",
  howpublished = "\burl{https://www.grap.udl.cat/es/recerca/linies-de-recerca/deteccio-de-fruits-i-estimacio-de-collita/}",
  note         = "{{Consultado el \specialdate\today}}"
}

@Misc{roboflowUniverse,
  title        = "{Proyecto Strawberry Detection}",
  howpublished = "\burl{https://universe.roboflow.com/strawberry-vheh2/strawberry-detection-qylms/fork}",
  note         = "{{Consultado el \specialdate\today}}"
}

@Book{goodfellow2016deep,
  author    = "Goodfellow, Ian and Bengio, Yoshua and Courville, Aaron",
  title     = "Deep Learning",
  publisher = "MIT Press",
  year      = "2016",
  address   = "Cambridge, MA"
}

@Book{szeliski2010computer,
  author    = "Szeliski, Richard",
  title     = "Computer Vision: Algorithms and Applications",
  publisher = "Springer",
  year      = "2010",
  address   = "London"
}

@Book{bishop2006pattern,
  author    = "Bishop, Christopher M.",
  title     = "Pattern Recognition and Machine Learning",
  publisher = "Springer",
  year      = "2006",
  address   = "New York"
}

@Book{murphy2012machine,
  author    = "Murphy, Kevin P.",
  title     = "Machine Learning: A Probabilistic Perspective",
  publisher = "MIT Press",
  year      = "2012",
  address   = "Cambridge, MA"
}

@Book{bradski2008learning,
  author    = "Bradski, Gary and Kaehler, Adrian",
  title     = "Learning OpenCV: Computer Vision with the OpenCV Library",
  publisher = "O'Reilly Media",
  year      = "2008",
  address   = "Sebastopol, CA"
}

@Misc{roboflowLittleFruit,
  title        = "{Proyecto Little Fruit}",
  howpublished = "\burl{https://universe.roboflow.com/littlefruitproject/little-fruit/dataset/3}",
  note         = "{{Consultado el \specialdate\today}}"
}

@Misc{ultralyticsYOLOv8,
  title        = "{YOLOv8}",
  howpublished = "\burl{https://docs.ultralytics.com/es/models/yolov8/}",
  note         = "{{Consultado el \specialdate\today}}"
}